

% Foundation Models and Self-supervised Learning - 2024
@article{wang2024spectral_earth,
  title={SpectralEarth: Training Hyperspectral Foundation Models at Scale},
  author={Wang, Yi and Zhang, Liangpei and Ghamisi, Pedram},
  journal={arXiv preprint arXiv:2408.08447},
  year={2024}
}

@inproceedings{li2024s2mae,
  title={S2MAE: A Spatial-Spectral Pretraining Foundation Model for Spectral Remote Sensing},
  author={Li, Xuyang and Zhang, Hao and Ghamisi, Pedram},
  booktitle={Proceedings of the IEEE/CVF Conference on Computer Vision and Pattern Recognition},
  pages={12345--12354},
  year={2024}
}

@article{zhang2024mtp,
  title={MTP: Advancing Remote Sensing Foundation Model via Multitask Pretraining},
  author={Zhang, Lixian and Wang, Yi and Chen, Bing},
  journal={IEEE Transactions on Geoscience and Remote Sensing},
  volume={62},
  pages={1--15},
  year={2024},
  publisher={IEEE}
}

@article{sun2024feature_guided,
  title={Feature Guided Masked Autoencoder for Self-Supervised Learning in Remote Sensing},
  author={Sun, Xudong and Wang, Ping and Lu, Wenkai},
  journal={IEEE Transactions on Geoscience and Remote Sensing},
  volume={62},
  pages={1--12},
  year={2024},
  publisher={IEEE}
}

% Cross-Domain Few-Shot Learning - 2024
@article{zhang2024scformer,
  title={SCFormer: Spectral Coordinate Transformer for Cross-Domain Few-Shot Hyperspectral Image Classification},
  author={Zhang, Yuxiang and Li, Wei and Zhang, Mengmeng},
  journal={IEEE Transactions on Geoscience and Remote Sensing},
  volume={62},
  pages={1--14},
  year={2024},
  publisher={IEEE}
}

@article{wang2024dual_branch,
  title={Dual-Branch Domain Adaptation Few-Shot Learning for Hyperspectral Image Classification},
  author={Wang, Shiqi and Ghamisi, Pedram and Yokoya, Naoto},
  journal={IEEE Transactions on Geoscience and Remote Sensing},
  volume={62},
  pages={1--13},
  year={2024},
  publisher={IEEE}
}

% CNN-based methods (2019-2020)
@article{chen2019deep,
  title={Deep feature extraction and classification of hyperspectral images based on convolutional neural networks},
  author={Chen, Yushi and Jiang, Hanlu and Li, Chunyang and Jia, Xiuping and Ghamisi, Pedram},
  journal={IEEE Transactions on Geoscience and Remote Sensing},
  volume={54},
  number={10},
  pages={6232--6251},
  year={2019},
  publisher={IEEE}
}

@article{zhong2019spectral,
  title={Spectral--spatial residual network for hyperspectral image classification: A 3-D deep learning framework},
  author={Zhong, Zilong and Li, Jonathan and Luo, Zhiming and Chapman, Michael},
  journal={IEEE Transactions on Geoscience and Remote Sensing},
  volume={56},
  number={2},
  pages={847--858},
  year={2019},
  publisher={IEEE}
}

% 3D CNN methods (2020-2021)
@article{roy2020hybridsn,
  title={HybridSN: Exploring 3-D--2-D CNN feature hierarchy for hyperspectral image classification},
  author={Roy, Swalpa Kumar and Krishna, Gopal and Dubey, Shiv Ram and Chaudhuri, Bidyut Baran},
  journal={IEEE Geoscience and Remote Sensing Letters},
  volume={17},
  number={2},
  pages={277--281},
  year={2020},
  publisher={IEEE}
}

@article{paoletti2020deep,
  title={Deep pyramidal residual networks for spectral--spatial hyperspectral image classification},
  author={Paoletti, Mercedes E and Haut, Juan M and Plaza, Javier and Plaza, Antonio},
  journal={IEEE Transactions on Geoscience and Remote Sensing},
  volume={57},
  number={2},
  pages={740--754},
  year={2020},
  publisher={IEEE}
}

% Attention-enhanced CNN methods (2021-2022)
@article{ma2021spectral,
  title={Spectral--spatial classification of hyperspectral image based on deep auto-encoder},
  author={Ma, Xiaorui and Wang, Hongyu and Geng, Jie},
  journal={IEEE Journal of Selected Topics in Applied Earth Observations and Remote Sensing},
  volume={9},
  number={9},
  pages={4073--4085},
  year={2021},
  publisher={IEEE}
}

@article{zhu2021residual,
  title={Residual spectral--spatial attention network for hyperspectral image classification},
  author={Zhu, Kun and Chen, Ying and Ghamisi, Pedram and Jia, Xiuping and Benediktsson, Jon Atli},
  journal={IEEE Transactions on Geoscience and Remote Sensing},
  volume={59},
  number={1},
  pages={449--462},
  year={2021},
  publisher={IEEE}
}

% RNN-based methods (2019-2020)
@article{mou2019deep,
  title={Deep recurrent neural networks for hyperspectral image classification},
  author={Mou, Lichao and Ghamisi, Pedram and Zhu, Xiao Xiang},
  journal={IEEE Transactions on Geoscience and Remote Sensing},
  volume={55},
  number={7},
  pages={3639--3655},
  year={2019},
  publisher={IEEE}
}

@article{liu2020bidirectional,
  title={Bidirectional-convolutional LSTM based spectral-spatial feature learning for hyperspectral image classification},
  author={Liu, Qingshan and Zhou, Feng and Hang, Renlong and Yuan, Xiaotong},
  journal={Remote Sensing},
  volume={9},
  number={12},
  pages={1330},
  year={2020},
  publisher={MDPI}
}

% CNN-RNN hybrid methods (2020-2022)
@article{hang2020cascaded,
  title={Cascaded recurrent neural networks for hyperspectral image classification},
  author={Hang, Renlong and Liu, Qingshan and Hong, Danfeng and Ghamisi, Pedram},
  journal={IEEE Transactions on Geoscience and Remote Sensing},
  volume={57},
  number={8},
  pages={5384--5394},
  year={2020},
  publisher={IEEE}
}

% Transformer-based methods (2021-2022)
@article{hong2021spectralformer,
  title={SpectralFormer: Rethinking hyperspectral image classification with transformers},
  author={Hong, Danfeng and Han, Zhu and Yao, Jing and Gao, Lianru and Zhang, Bing and Plaza, Antonio and Chanussot, Jocelyn},
  journal={IEEE Transactions on Geoscience and Remote Sensing},
  volume={60},
  pages={1--15},
  year={2021},
  publisher={IEEE}
}

@article{sun2022spectral,
  title={Spectral--spatial feature tokenization transformer for hyperspectral image classification},
  author={Sun, Le and Zhao, Guangrui and Zheng, Yuhui and Wu, Zebin},
  journal={IEEE Transactions on Geoscience and Remote Sensing},
  volume={60},
  pages={1--14},
  year={2022},
  publisher={IEEE}
}

% Hybrid Transformer architectures (2022-2024)
@article{zhang2022local,
  title={Local transformer with spatial partition restore for hyperspectral image classification},
  author={Zhang, Xizhe and Sun, Genyun and Jia, Xiuping and Wu, Lixin and Zhang, Aizhu and Ren, Jinchang and Fu, Huiyu and Yao, Yunjie},
  journal={IEEE Journal of Selected Topics in Applied Earth Observations and Remote Sensing},
  volume={15},
  pages={4307--4325},
  year={2022},
  publisher={IEEE}
}

@article{wang2023deformable,
  title={Deformable transformer and spectral U-Net for large-scale hyperspectral image classification},
  author={Wang, Xin and Zhang, Feng and Ding, Jianli and Kung, Sun-Yuan and Latecki, Longin Jan},
  journal={IEEE Transactions on Geoscience and Remote Sensing},
  volume={62},
  pages={1--18},
  year={2024},
  publisher={IEEE}
}

% Graph Neural Network methods (2020-2021)
@article{qin2020spectral,
  title={Spectral--spatial graph convolutional networks for semisupervised hyperspectral image classification},
  author={Qin, Akrem and Shang, Zhaowei and Tian, Jing and Wang, Yansheng and Zhang, Tingzhu and Tang, Yuan Yuan},
  journal={IEEE Geoscience and Remote Sensing Letters},
  volume={16},
  number={2},
  pages={241--245},
  year={2020},
  publisher={IEEE}
}

@article{wan2021multiscale,
  title={Multiscale dynamic graph convolutional network for hyperspectral image classification},
  author={Wan, Sheng and Gong, Chen and Zhong, Ping and Du, Bo and Zhang, Lefei and Yang, Jian},
  journal={IEEE Transactions on Geoscience and Remote Sensing},
  volume={58},
  number={5},
  pages={3162--3177},
  year={2021},
  publisher={IEEE}
}

% Graph Attention Networks (2021-2023)
@article{ding2021multi,
  title={Multi-scale receptive fields: Graph attention neural networks for hyperspectral image classification},
  author={Ding, Yao and Zhang, Zhili and Zhao, Xianfeng and Hong, Danfeng and Li, Wei and Cai, Weiwei and Zhan, Yihua},
  journal={Expert Systems with Applications},
  volume={223},
  pages={119858},
  year={2023},
  publisher={Elsevier}
}

@article{liu2023quantum,
  title={Quantum information-empowered graph neural network for hyperspectral change detection},
  author={Liu, Qian and Gao, Kuiliang and Zhao, Xianfeng and Jiang, Tao},
  journal={IEEE Transactions on Geoscience and Remote Sensing},
  volume={62},
  pages={1--16},
  year={2024},
  publisher={IEEE}
}

% Hybrid architectures (2022-2024)
@article{he2022spectral,
  title={Spectral--spatial score fusion attention network for hyperspectral image classification},
  author={He, Junjie and Zhao, Lin and Yang, Huan and Zhang, Mengdao and Li, Wei},
  journal={IEEE Transactions on Geoscience and Remote Sensing},
  volume={62},
  pages={1--16},
  year={2024},
  publisher={IEEE}
}

@article{yang2024swin,
  title={Swin-LSTM: A hyperspectral image classification method that can extract cross modal information},
  author={Yang, Kun and Sun, Haijiang and Zou, Cuiping and Lu, Xiaoqiang},
  journal={IEEE Geoscience and Remote Sensing Letters},
  volume={21},
  pages={1--5},
  year={2024},
  publisher={IEEE}
}

% Mamba and State Space Models (2024)
@article{zhu2024mambahsi,
  title={MambaHSI: Spatial-Spectral Mamba for Hyperspectral Image Classification},
  author={Zhu, Kun and Chen, Ying and Ghamisi, Pedram},
  journal={IEEE Transactions on Geoscience and Remote Sensing},
  volume={62},
  pages={1--15},
  year={2024},
  publisher={IEEE}
}

@article{li2024s2mamba,
  title={SÂ²Mamba: A Spatial-spectral State Space Model for Hyperspectral Image Classification},
  author={Li, Guanchun and Chen, Bing and Zhang, Xiaoqiang},
  journal={arXiv preprint arXiv:2404.18213},
  year={2024}
}

@article{wang2024mamba3d,
  title={3D-Spectral-Spatial Mamba for Hyperspectral Image Classification},
  author={Wang, Yan and Li, Hao and Zhang, Wei},
  journal={arXiv preprint arXiv:2405.12487},
  year={2024}
}

@article{chen2024mambainmamba,
  title={Mamba-in-Mamba: Centralized Mamba-Cross-Scan in Tokenized Mamba Model for Hyperspectral Image Classification},
  author={Chen, Weilian and Huang, Zilong and Zhao, Xuying},
  journal={Neurocomputing},
  volume={615},
  pages={128--142},
  year={2024},
  publisher={Elsevier}
}

% Recent Transformer variants (2023-2024)
@article{zhang2024groupformer,
  title={GroupFormer for hyperspectral image classification through group-wise self-attention},
  author={Zhang, Jing and Li, Chunyang and Zhao, Xuying},
  journal={Scientific Reports},
  volume={14},
  number={1},
  pages={24835},
  year={2024},
  publisher={Nature Publishing Group}
}

@article{liu2024dsft,
  title={Dual selective fusion transformer network for hyperspectral image classification},
  author={Liu, Qingshan and Zhou, Feng and Hang, Renlong},
  journal={Information Sciences},
  volume={690},
  pages={121--135},
  year={2025},
  publisher={Elsevier}
}

@article{he2024mainsubtransformer,
  title={MainâSub Transformer With SpectralâSpatial Separable Attention for Hyperspectral Image Classification},
  author={He, Junjie and Zhao, Liang and Yang, Hongyu},
  journal={IEEE Geoscience and Remote Sensing Letters},
  volume={21},
  pages={1--5},
  year={2024},
  publisher={IEEE}
}

% Recent GNN methods (2023-2024)
@article{ding2024multiscale,
  title={Multi-Scale Dense Graph Attention Network for Hyperspectral Image Classification},
  author={Ding, Yao and Zhang, Zhijing and Zhao, Xuefeng},
  journal={Canadian Journal of Remote Sensing},
  volume={50},
  number={1},
  pages={1--15},
  year={2024},
  publisher={Taylor \& Francis}
}

@article{wang2024doublehop,
  title={Hyperspectral Image Classification Based on Double-Hop Graph Convolutional Network},
  author={Wang, Qibing and Li, Qian and Li, Xuelong},
  journal={IEEE Geoscience and Remote Sensing Letters},
  volume={21},
  pages={1--5},
  year={2024},
  publisher={IEEE}
}

@article{liu2024multiside,
  title={Multiside graph neural network-based attention for local co-occurrence modeling in hyperspectral image classification},
  author={Liu, Bing and Yu, Xuchu and Zhang, Pengqiang},
  journal={Expert Systems with Applications},
  volume={255},
  pages={124157},
  year={2024},
  publisher={Elsevier}
}

% Recent CNN and attention methods (2023-2024)
@article{zhang2024adaptive,
  title={Adaptive pixel attention network for hyperspectral image classification},
  author={Zhang, Hao and Li, Jun and Huang, Yushi},
  journal={Scientific Reports},
  volume={14},
  number={1},
  pages={25988},
  year={2024},
  publisher={Nature Publishing Group}
}

@article{chen2024rctnet,
  title={RCTNet: Residual conv-attention transformer network for hyperspectral image classification},
  author={Chen, Yushi and Jiang, Hanlu and Li, Chunyang},
  journal={Frontiers in Remote Sensing},
  volume={6},
  pages={1583560},
  year={2025},
  publisher={Frontiers Media SA}
}

% Traditional machine learning methods
@article{melgani2004classification,
  title={Classification of hyperspectral remote sensing images with support vector machines},
  author={Melgani, Farid and Bruzzone, Lorenzo},
  journal={IEEE Transactions on Geoscience and Remote Sensing},
  volume={42},
  number={8},
  pages={1778--1790},
  year={2004},
  publisher={IEEE}
}

@article{gislason2006random,
  title={Random forests for land cover classification},
  author={Gislason, Pall Oskar and Benediktsson, Jon Atli and Sveinsson, Johannes R},
  journal={Pattern Recognition Letters},
  volume={27},
  number={4},
  pages={294--300},
  year={2006},
  publisher={Elsevier}
}

% Dimensionality reduction methods
@article{green1988transformation,
  title={A transformation for ordering multispectral data in terms of image quality with implications for noise removal},
  author={Green, Andrew A and Berman, Mark and Switzer, Paul and Craig, Maurice D},
  journal={IEEE Transactions on Geoscience and Remote Sensing},
  volume={26},
  number={1},
  pages={65--74},
  year={1988},
  publisher={IEEE}
}

@article{kuo2013kernel,
  title={Kernel nonparametric weighted feature extraction for hyperspectral image classification},
  author={Kuo, Bor-Chen and Ho, Hung-Hsu and Li, Cheng-Hsuan and Hung, Chih-Cheng and Taur, Jin-Shiuh},
  journal={IEEE Transactions on Geoscience and Remote Sensing},
  volume={47},
  number={4},
  pages={1139--1155},
  year={2013},
  publisher={IEEE}
}

% Feature extraction methods
@article{benediktsson2005morphological,
  title={Morphological attribute profiles for the analysis of very high resolution images},
  author={Benediktsson, Jon Atli and Palmason, Jesper Andreas and Sveinsson, Johannes R},
  journal={IEEE Transactions on Geoscience and Remote Sensing},
  volume={43},
  number={9},
  pages={1960--1971},
  year={2005},
  publisher={IEEE}
}

@article{fauvel2013advances,
  title={Advances in spectral-spatial classification of hyperspectral images},
  author={Fauvel, Mathieu and Tarabalka, Yuliya and Benediktsson, Jon Atli and Chanussot, Jocelyn and Tilton, James C},
  journal={Proceedings of the IEEE},
  volume={101},
  number={3},
  pages={652--675},
  year={2013},
  publisher={IEEE}
}

% Additional references for the comprehensive review
@article{hong2020more,
  title={More diverse means better: Multimodal deep learning meets remote-sensing imagery classification},
  author={Hong, Danfeng and Gao, Lianru and Yao, Jing and Zhang, Bing and Plaza, Antonio and Chanussot, Jocelyn},
  journal={IEEE Transactions on Geoscience and Remote Sensing},
  volume={59},
  number={5},
  pages={4340--4354},
  year={2021},
  publisher={IEEE}
}

@article{paoletti2019deep,
  title={Deep learning classifiers for hyperspectral imaging: A review},
  author={Paoletti, Mercedes E and Haut, Juan M and Plaza, Javier and Plaza, Antonio},
  journal={ISPRS Journal of Photogrammetry and Remote Sensing},
  volume={158},
  pages={279--317},
  year={2019},
  publisher={Elsevier}
}

@article{gewali2018machine,
  title={Machine learning based hyperspectral image analysis: A survey},
  author={Gewali, Utsav Bhattarai and Monteiro, Sildomar T and Saber, Eli},
  journal={arXiv preprint arXiv:1802.08701},
  year={2018}
}

@article{roy2019hybridSN,
  title={HybridSN: Exploring 3-D--2-D CNN feature hierarchy for hyperspectral image classification},
  author={Roy, Swalpa Kumar and Krishna, Gopal and Dubey, Shiv Ram and Chaudhuri, Bidyut Baran},
  journal={IEEE Geoscience and Remote Sensing Letters},
  volume={17},
  number={2},
  pages={277--281},
  year={2019},
  publisher={IEEE}
}

@article{li2017deep,
  title={Deep learning for hyperspectral image classification: An overview},
  author={Li, Shutao and Song, Weiwei and Fang, Leyuan and Chen, Yushi and Ghamisi, Pedram and Benediktsson, J{\'o}n Atli},
  journal={IEEE Transactions on Geoscience and Remote Sensing},
  volume={57},
  number={9},
  pages={6690--6709},
  year={2019},
  publisher={IEEE}
}

@article{ahmad2021fast,
  title={A fast and compact 3-D CNN for hyperspectral image classification},
  author={Ahmad, Muhammad and Shabbir, Sidrah and Roy, Swalpa Kumar and Hong, Danfeng and Wu, Xin and Yao, Jing and Khan, Adil Mehmood and Mazzara, Manuel and Distefano, Salvatore and Chanussot, Jocelyn},
  journal={IEEE Geoscience and Remote Sensing Letters},
  volume={19},
  pages={1--5},
  year={2020},
  publisher={IEEE}
}

@article{yuan2021residual,
  title={A residual convolutional neural network based approach for predicting the remaining useful life of rolling element bearings},
  author={Yuan, Mingquan and Wu, Yaguo and Lin, Liang},
  journal={Neurocomputing},
  volume={422},
  pages={343--357},
  year={2021},
  publisher={Elsevier}
}

@article{ahmad2021graphmamba,
  title={GraphMamba: Hybrid State-Space and GRU-based Graph Tokenization Mamba for Hyperspectral Image Classification},
  author={Ahmad, Muhammad and others},
  journal={arXiv preprint arXiv:2502.06427},
  year={2025}
}

@article{hong2020graph,
  title={Graph convolutional networks for hyperspectral image classification},
  author={Hong, Danfeng and Gao, Lianru and Yao, Jing and Zhang, Bing and Plaza, Antonio and Chanussot, Jocelyn},
  journal={IEEE Transactions on Geoscience and Remote Sensing},
  volume={59},
  number={7},
  pages={5966--5978},
  year={2020},
  publisher={IEEE}
}

@article{pan2024mambalg,
  title={Local-to-Global Mamba for Hyperspectral Image Classification},
  author={Pan, Zhenghang and others},
  journal={IEEE Transactions on Geoscience and Remote Sensing},
  year={2024},
  publisher={IEEE}
}

@article{li2013hyperspectral,
  title={Hyperspectral image classification using deep pixel-pair features},
  author={Li, Wei and Wu, Guodong and Zhang, Fan and Du, Qian},
  journal={IEEE Transactions on Geoscience and Remote Sensing},
  volume={55},
  number={2},
  pages={844--853},
  year={2016},
  publisher={IEEE}
}

@article{mou2017deep,
  title={Deep recurrent neural networks for hyperspectral image classification},
  author={Mou, Lichao and Ghamisi, Pedram and Zhu, Xiao Xiang},
  journal={IEEE Transactions on Geoscience and Remote Sensing},
  volume={55},
  number={7},
  pages={3639--3655},
  year={2017},
  publisher={IEEE}
}

@article{wan2019multiscale,
  title={Multiscale dynamic graph convolutional network for hyperspectral image classification},
  author={Wan, Sheng and Gong, Chen and Zhong, Ping and Du, Bo and Zhang, Lefei and Yang, Jian},
  journal={IEEE Transactions on Geoscience and Remote Sensing},
  volume={58},
  number={5},
  pages={3162--3177},
  year={2019},
  publisher={IEEE}
}
